

@misc{epics,
title = {{EPICS, Experimental Physics ans Industrial Control System}},
note = {\\\url{http://www.aps.anl.gov/epics}}
}

@misc{epics_on_windows,
	title = {{EPICS on Windows}},
	note = {\\\url{http://www.aps.anl.gov/epics/base/win32.php}}
}

@misc{rtems_download,
	title = {{RTEMS Download}},
	note = {\\\url{ftp://ftp.rtems.com/pub/rtems}}
}

