@misc{EPICS_HOME,
title = {{EPICS site}},
year = {2014},
note = {\\\url{http://www.aps.anl.gov/epics/} (accessed September 18, 2014) }
}

@misc{S7PLC_Driver_HOME,
title = {{s7plc EPICS driver download site}},
year = {2014},
note = {\\\url{http://epics.web.psi.ch/software/s7plc/} (accessed September 18, 2014) }
}

@misc{S7PLC_Driver_HOME2,
title = {{s7plc EPICS driver documentation site}},
year = {2014},
note = {\\\url{http://epics.web.psi.ch/style/software/s7plc/s7plc.html} (accessed September 18, 2014) }
}

@misc{CSS_HOME,
title = {{Contol System Studio Home}},
year = {2014},
note = {\\\url{http://controlsystemstudio.org/} (accessed July 01, 2014) }
}

@misc{SIEMENS_Industry_Korea_HOME,
title = {{SIEMENS Industry Korea Home}},
year = {2014},
note = {\\\url{https://www.siemens.co.kr/industry/index.asp#} (accessed September 17, 2014) }
}
