


@misc{DaveGurd,
  title = {{How to mess up a Naming Standard in 5 Easy Steps}},
  year = {2001},
  note ={EPICS Collaboration Meeting, San Jose, December 3-4, 2001}
 }

@misc{ZERONUM,
  title = {{Zero-based Numbering}},
  year = {2014},
  url={{http://en.wikipedia.org/wiki/Zero-based_numbering}},
  note={accessed Oct 14, 2014}
}


@misc{NCSNS,
  title = {{Instructional Manual for Component Naming}},
  author = {Berz, M. and Hartmann, B. and Lindemann, K. and Magel, A. and Weick, H. },
  year = {2005},
  url={https://ics-web.sns.ornl.gov}
}




@misc{NCESS,
  title = {{ESS Naming Convention}},
  author = {Karin Rathsman and Garry Trahern},
  url={https://ess-ics.atlassian.net/wiki/display/NC/ESS+Naming+Convention},
  note={accessed Oct, 19, 2014}

}


@misc{NCNSLSII,
  title = {{Standards-Naming Convention Signal Names}},
  year = {2011},
  note ={accessd Oct 14, 2014},
  url = {{https://wiki.bnl.gov/nsls2controls/index.php/Standards-Naming_Convention_Signal_Names}}
 }





@misc{DEBIAN,
  title = {{Debian Linux Stable Distribution}},
  year = {2013},
  url={http://www.debian.org/}
}




@misc{EPICS3.14.12.3,
  title = {{Experimental Physics and Industrial Control System - EPICS}},
  author = {Johnson, A and others},
  year = {2010},
  url = {http://www.aps.anl.gov/epics/}
}


@misc{EPICS3.14-RRM,
title = {{EPICS 3-14 Record Reference Manual}},
author = {Philip Stanley. Janet Anderson. and Marty Kraimer},
url={https://wiki-ext.aps.anl.gov/epics/index.php/RRM_3-14}
}