
@misc{rtems,
	title = {{Realtime OS RTEMS}},
	note = {\\\url{http://www.rtems.com}}
}

@misc{rtems_install,
title = {{RTEMS Installation}},
note = {\\\url{https://confluence.slac.stanford.edu/display/CCI/RTEMS+Installation#RTEMSInstallation-Selectandsetuptheenvironment}}
}

@misc{epics,
title = {{EPICS, Experimental Physics ans Industrial Control System}},
note = {\\\url{http://www.aps.anl.gov/epics}}
}

@misc{epics_on_rtems,
	title = {{EPICS on RTEMS}},
	note = {\\\url{http://www.aps.anl.gov/epics/base/RTEMS/tutorial/}}
}

@misc{rtems_download,
	title = {{RTEMS Download}},
	note = {\\\url{ftp://ftp.rtems.com/pub/rtems}}
}

@misc{evgevr,
	title = {{MRF Timing System}},
	note = {\\\url{http://www.mrf.fi/pdf/presentations/MRF.CERN.Feb2008.pdf}}
}

@misc{mvme3100,
	title = {{MVME 3100 Single Board Computer}},
	note = {\\\url{http://www.slac.stanford.edu/grp/ssrl/spear/epics/vme/6806800m28c_mvme3100_iu.pdf}}
}

@misc{mvme6100,
	title = {{MVME 6100 Single Board Computer}},
	note = {\\\url{https://www.slac.stanford.edu/grp/lcls/controls/global/standards/hardware/v6100a_ih.pdf}}
}

