@misc{epics,
title = {{EPICS, Experimental Physics ans Industrial Control System}},
note = {\\\url{http://www.aps.anl.gov/epics}}
}

@misc{epics_v4_developer,
title = {{EPICS V4 Developer's Guide}},
note = {\\\url{http://epics-pvdata.sourceforge.net/informative/developerGuide/developerGuide.html}}
}

