@misc{DEBIANSecureApt,
  title = {{Debian Wiki about SecureApt}},
  year = {2014},
note = {\\\url{https://wiki.debian.org/SecureApt}  (accessed June 18, 2014)}
}

@misc{FAI,
title = {{FAI - Fully Automatic Installation}},
year = {2013},
note = {\\\url{http://fai-project.org/} (accessed June 18, 2014) }
}

@misc{FAIWikiWorkthrough,
title = {{FAI Installation walkthrough}},
year = {2013},
note = {\\\url{http://wiki.fai-project.org/wiki/Installation_walkthrough}  (accessed June 18, 2014)}
}

@misc{dracutmanpage,
title = {{Manpage : dracut.cmdline - dracut kernel command line options}},
year =  {2014},
note = {\\\url{http://man7.org/linux/man-pages/man7/dracut.cmdline.7.html}  (accessed June 18, 2014)}
}
@misc{dracut,
title = {{Mailing list : FATAL: Don't know how to handle root=/srv/fai/nfsroot}},
year = {2014},
note = {\\\url{http://comments.gmane.org/gmane.linux.debian.fai/10250} (accessed June 18, 2014)}
}