@misc{oisp,
title = {{Official Internet Standards Protocol}},
note = {\\\url{http://www.rfc-editor.org/search/standards.php}}
}

@misc{essential_snmp,
title = {{Relationship between an Manager and an Agent}},
year = {2005},
note = {{Douglas R. Mauro, Kevin J. Scbmidt, “Essential SNMP. O’Reilly”, 2nd ed.} (accessed 2005)}
}

@misc{comparison,
title = {{Comparison of SNMP Versions}},
year = {2006},
note = {{Eddie Bibbs, Brandon, Matt Xin Tang, “Comparison of SNMP Versions 1, 2 and 3”} (accessed April, 2006)}
}

@misc{net_snmp,
title = {{NET SNMP Homepage}},
note = {\\\url{http://www.net-snmp.org/download.html}}
}

@misc{snmp_command,
title = {{SNMP Operations}},
year = {2005},
note = {{Douglas R.Mauro \& Kevin J. Scbmidt, “Essential SNMP”} (accessed September, 2005) }
}

@misc{time_command,
title = {{Linux User's Manual}},
note = {\\\url{http://man7.org/linux/man-pages/man1/time.1.html}}
}

@misc{analysis,
title = {{Regression analysis}},
note = {{Shin Takahashi , “만화로 쉽게 배우는 회귀분석”, Korean Language ed. (성안당, 2006)}}
}
