@misc{413error1,
	title = {\scriptsize {{Github Push Error: RPC failed; result=22, HTTP code = 413}}},
	note = {\scriptsize{\\\url{http://stackoverflow.com/questions/7489813/
	github-push-error-rpc-failed-result-22-http-code-413}} }
}

@misc{413error2,
	title = {{413 Request Entity Too Large-File Upload Issue}},
	note = {\scriptsize {\\\url{http://stackoverflow.com/questions/24306335/413-request-entity-too-large-file-upload-issue}} }
}

@misc{dockergitlab,
	title = {{Gitlab docker container setup and memory usage}},
	note = {\\\url{http://forum.synology.com/enu/viewtopic.php?f=258&t=100502}}
}

@misc{nginx,
	title = {{NGINX}},
	note = {\\\url{http://nginx.org/en/}}
}