@misc{epics,
title = {{Experimental Physics and Industrial Control System}},
year = {2011},
note = {{\\\url{http://www.aps.anl.gov/epics/about.php}}}
}

@misc{raon,
title = {{Rare Isotope Science Project}},
year = {2013},
note = {{Y.K.Kwon et al, “Status of Rare Isotope Science Project in Korea”, Few Body Syst. 54, 961}}
}

@misc{risp,
title = {{Rare Isotope Science Project}},
year = {2006},
note = {{\\\url{http://www.risp.re.kr/index.jsp}}}
}

@misc{snmp,
title = {{Official Internet Standards Protocol}},
year = {2002},
note = {{\\\url{http://www.rfc-editor.org/search/standards.php}}}
}

@misc{snmpm_a,
title = {{Relationship between an Manager and an Agent}},
year = {2005},
note = {{Douglas R. Mauro, Kevin J. Scbmidt, “Essential SNMP. O’Reilly”, 2nd ed.}}
}


@misc{epicssnmp,
title = {{Integrate SNMP into EPICS}},
year = {2006},
note = {{\\\url{http://www-mks2.desy.de/content/e4/e40/e41/e12212/index_ger.html}}}
}

@misc{epicsev,
title = {{EPICS Environment Tree}},
year = {2015},
note = {{4th report....}}}
}

@misc{modules,
title = {{EPICS IOC Support Modules}},
year = {2014},
note = {{\\\url{http://aps.anl.gov/epics/modules/index.php}}}
}

@misc{devsnmp,
title = {{EPICS SNMP Device Support Module (NSCL/FRIB)}},
year = {2014},
note = {{\\\url{https://groups.nscl.msu.edu/controls/files/devSnmp.html}}}
}

@misc{record,
title = {{EPICS Record Reference Manual}},
year = {},
note = {{Philip Stanley, Janet Anderson, Marty Kraimer, “EPICS Record Reference Manual”}}
}

@misc{netsnmp,
title = {{Net-SNMP}},
year = {2000},
note = {{\\\url{http://www.net-snmp.org/}}}
}

@misc{tutorials,
title = {{Net-SNMP Tutorials}},
year = {},
note = {{\\\url{http://www.net-snmp.org/wiki/index.php/Tutorials}}}
}

@misc{css,
title = {{Control System Studio}},
year = {},
note = {{\\\url{www.cs-studio.org}}}
}

@misc{pvlist,
title = {{WIENER PV List}},
year = {2015},
note = {{WIENER, “User's Manual”}}
}
