@misc{CA_MANUAL,
title = {{Channel Archiver Manual}},
year = {2014},
note = {\\\url{http://ics-web.sns.ornl.gov/kasemir/archiver/manual.pdf} (accessed July 22, 2014) }
}

@misc{CA_HOME,
title = {{Channel Archiver Home}},
year = {2014},
note = {\\\url{http://ics-web.sns.ornl.gov/kasemir/archiver} (accessed July 22, 2014) }
}

@misc{CA_SF,
title = {{Channel Archiver Source}},
year = {2014},
note = {\\\url{http://epicschanarch.cvs.sourceforge.net/viewvc/epicschanarch/} (accessed July 22, 2014) }
}

