@misc{archiver,
title = {{EPICS Channel Archiver}},
note = {\\\url{http://ics-web.sns.ornl.gov/kasemir/archiver/}}
}

@misc{rdbarchiver,
	title = {{RDB Archiver}},
	note = {\\\url{https://ics-web.sns.ornl.gov/css/docs/RDBChannelArchiver.doc}}
}

@misc{epics,
title = {{EPICS, Experimental Physics ans Industrial Control System}},
note = {\\\url{http://www.aps.anl.gov/epics}}
}

@misc{appliance,
title = {{EPICS Archiver Appliance}},
note = {\\\url{http://epicsarchiverap.sourceforge.net/index.html}}
}

@misc{scidb,
	title = {{Scientific Database}},
	note = {\\\url{http://www.scidb.org}}
}

@misc{protobuffer,
	title = {{Google Protocol Buffer}},
	note = {\\\url{https://developers.google.com/protocol-buffers/?hl=ko}}
}
@misc{apachetomcat,
	title = {{Apache Tomcat}},
	note = {\\\url{http://tomcat.apache.org}}
}
@misc{iozone,
	title = {{IOzone Filesystem Benchmark}},
	note = {\\\url{http://www.iozone.org}}
}

