
@misc{mrf,
title = {{Micro Research Finland}},
note = {\\\url{http://www.mrf.fi/}}
}

@misc{mrfioc2,
title = {{MRF IOC Manual }},
note = {\\\url{http://epics.sourceforge.net/mrfioc2}}
}

@misc{evg,
	title = {{Timing System - Event Generator}},
	note = {\\\url{http://www.mrf.fi/dmdocuments/EVG-230TREF-002.pdf}}
}

@misc{evr,
	title = {{Timing System - Event Receiver}},
	note = {\\\url{http://www.mrf.fi/dmdocuments/EVR-230TREF-005.pdf}}
}

@misc{evgguide,
	title = {{MRFIOC2 - Event Generator Guide}},
	note = {\\\url{http://epics.sourceforge.net/mrfioc2/evr-usage.pdf}}
}

@misc{evrguide,
	title = {{MRFIOC2 - Event Receiver Guide}},
	note = {\\\url{http://epics.sourceforge.net/mrfioc2/evg-usage.pdf}}

}

@misc{mvme3100,
	title = {{MVME 3100 Single Board Computer}},
	note = {\\\url{http://www.slac.stanford.edu/grp/ssrl/spear/epics/vme/6806800m28c_mvme3100_iu.pdf}}
}

@misc{mvme6100,
	title = {{MVME 6100 Single Board Computer}},
	note = {\\\url{https://www.slac.stanford.edu/grp/lcls/controls/global/standards/hardware/v6100a_ih.pdf}}
}

