@misc{PIR,
title = {{PIR Motion Sensor Web Document}},
year = {2015},
note = {\\\url{http://www.dfrobot.com/wiki/index.php/PIR_Motion_Sensor_V1.0_SKU:SEN0171#Document} (accessed Feb 23, 2015) }
}
@misc{PM1001,
title = {{PM1001 Dust Sensor Manual}},
year = {2015},
note = {\\\url{http://diwellshop.cafe24.com/web/DATASHEET/01_subtitle/1_Sensor/4_Gas_Sensor/Dust/PM1001/PM1001UserManual.pdf} (accessed Feb 23, 2015) }
}
@misc{DHT11,
title = {{DHT11 Humidity \& Temperature Sensor Manual}},
year = {2015},
note = {\\\url{http://www.micro4you.com/files/sensor/DHT11.pdf} (accessed Feb 23, 2015) }
}
@misc{DHT22,
title = {{DHT22 Humidity \& Temperature Sensor Manual}},
year = {2015},
note = {\\\url{http://www.dfrobot.com/image/data/SEN0137/AM2302_manual.pdf} (accessed Feb 23, 2015) }
}
@misc{DS1820,
title = {{DS1820 Temperature Sensor Manual}},
year = {2015},
note = {\\\url{http://www.systronix.com/Resource/ds1820.pdf} (accessed Feb 23, 2015) }
}
@misc{L298,
title = {{L298 Dual H-Bridge Motor Driver}},
year = {2015},
note = {\\\url{http://gobotics.com/datasheets/L298_Data_Sheet.pdf} (accessed Feb 23, 2015) }
}
@misc{MD5DH14,
title = {{MD5-DH14 Motor Driver Manual}},
year = {2015},
note = {\\\url{http://download.autonics.com/upload/data/1420685639_MD5-HD14_EN_EP-KE-14-0008C_20141111.pdf} (accessed Feb 23, 2015) }
}
@misc{WIRINGPI,
title = {{Wiring Pi Web Page}},
year = {2015},
note = {\\\url{http://wiringpi.com/} (accessed Feb 23, 2015) }
}
@misc{PICAM,
title = {{Pi Camera Web Page}},
year = {2015},
note = {\\\url{http://www.raspberrypi.org/documentation/usage/camera/README.md} (accessed Feb 23, 2015) }
}

