@misc{epics,
title = {{EPICS, Experimental Physics ans Industrial Control System}},
note = {\\\url{http://www.aps.anl.gov/epics}}
}

@misc{github,
title = {{Github, Version Control System}},
note = {\\\url{http://www.github.com/}}
}

@misc{github_sangil,
title = {{Github, Public Account, Sangil-Lee}},
note = {\\\url{http://www.github.com/Sangil-Lee}}
}
