
@misc{matlab_channelaccess,
	title = {{LabCA - EPICS/Channel Access Interface for Scilab and Matlab}},
	note = {\\\url{http://www.slac.stanford.edu/~strauman/labca/index.html}}
}

@misc{epics,
title = {{EPICS, Experimental Physics ans Industrial Control System}},
note = {\\\url{http://www.aps.anl.gov/epics}}
}


