@misc{OLOG_HOME,
title = {{OLog Home Page}},
year = {2014},
note = {\\\url{http://olog.github.io/2.2.7-SNAPSHOT/modules/olog-service/index.html} (accessed July 01, 2014) }
}

@misc{OLOG_DN,
title = {{OLog Download Page}},
year = {2014},
note = {\\\url{http://olog.github.io/2.2.7-SNAPSHOT/} (accessed July 01, 2014) }
}

@misc{CSS_HOME,
title = {{Contol System Studio Home Page}},
year = {2014},
note = {\\\url{http://controlsystemstudio.org/} (accessed July 01, 2014) }
}
