@misc{gconkit,
title = {{MightyOhm Geiger Counter kit}},
note = {\\\url{http://mightyohm.com/blog/products/geiger-counter/}}
}

@misc{datalogging,
title = {{TUTORIAL: GEIGER COUNTER DATA LOGGING}},
note = {\\\url{http://mightyohm.com/blog/2012/02/tutorial-geiger-counter-data-logging/}}
}


@misc{gconpi,
title = {{Geiger Counter EPICS IOC}},
note = {\\\url{https://github.com/jeonghanlee/gconpi}}
}
